@article{linemod-pipeline,
year={2013},
isbn={978-3-642-37330-5},
booktitle={Computer Vision â€“ ACCV 2012},
volume={7724},
series={Lecture Notes in Computer Science},
editor={Lee, KyoungMu and Matsushita, Yasuyuki and Rehg, JamesM. and Hu, Zhanyi},
doi={10.1007/978-3-642-37331-2_42},
title={Model Based Training, Detection and Pose Estimation of Texture-Less 3D Objects in Heavily Cluttered Scenes},
url={http://dx.doi.org/10.1007/978-3-642-37331-2_42},
publisher={Springer Berlin Heidelberg},
author={Hinterstoisser, Stefan and Lepetit, Vincent and Ilic, Slobodan and Holzer, Stefan and Bradski, Gary and Konolige, Kurt and Navab, Nassir},
pages={548-562},
language={English}
}
