@book{bombarolo,
    title={Industrial society and its future},
    author={Kaczynski, Theodore John},
    year={1995},
    publisher={Washington Post}
}
