@article{extinction,
title={The sixth extinction},
author={Eldredge, Niles},
journal={An ActionBioscience. org original article. American Institute of Biological Sciences.[Online.] http://endangeredink. com/programs/population\_and\_sustainability/extinction/pdfs/Eldridge-6th-extinction. pdf},
year={2001}
}