@article{grasp-training,
  title={Robotic grasping of novel objects using vision},
  author={Saxena, Ashutosh and Driemeyer, Justin and Ng, Andrew Y},
  journal={The International Journal of Robotics Research},
  volume={27},
  number={2},
  pages={157--173},
  year={2008},
  publisher={SAGE Publications}
}
