@article{how-kinect-work,
  title={How does the kinect work?},
  author={MacCormick, John},
  journal={Presentert ved Dickinson College},
  volume={6},
  year={2011}
}
