@ARTICLE{icp,
author={Besl, P.J. and McKay, Neil D.},
journal={Pattern Analysis and Machine Intelligence, IEEE Transactions on},
title={A method for registration of 3-D shapes},
year={1992},
volume={14},
number={2},
pages={239-256},
keywords={computational geometry;convergence of numerical methods;iterative methods;optimisation;pattern recognition;picture processing;3D shape registration;convergence;geometric entity;geometric model;iterative closest point;mean-square distance metric;pattern recognition;point set registration;Convergence;Inspection;Iterative algorithms;Iterative closest point algorithm;Iterative methods;Motion estimation;Quaternions;Shape measurement;Solid modeling;Testing},
doi={10.1109/34.121791},
ISSN={0162-8828},
month={Feb},}
@INPROCEEDINGS{icp-bayes,
author={Hara, Y. and Bando, S. and Tsuboucffl, T. and Oshima, A. and Kitahara, I. and Kameda, Y.},
booktitle={Intelligent Robots and Systems (IROS), 2013 IEEE/RSJ International Conference on},
title={6DOF iterative closest point matching considering a priori with maximum a posteriori estimation},
year={2013},
pages={4172-4179},
keywords={Bayes methods;image matching;image registration;iterative methods;maximum likelihood estimation;Bayes theorem;ICP algorithm;MAP estimation;iterative closest point matching algorithm;maximum a posteriori estimation;measurement errors;object movement;objective function;point cloud registration;prior probability;Bayes methods;Covariance matrices;Estimation;Iterative closest point algorithm;Robots;Shape;Standards},
doi={10.1109/IROS.2013.6696954},
ISSN={2153-0858},
month={Nov},}
@ARTICLE{icp-robust,
author={Zhu, J.H. and Zheng, N.N. and Yuan, Z.J. and Du, S.Y. and Ma, L.},
journal={Electronics Letters},
title={Robust scaling iterative closest point algorithm with bidirectional distance measurement},
year={2010},
volume={46},
number={24},
pages={1604-1605},
keywords={distance measurement;image registration;iterative methods;least squares approximations;set theory;bidirectional distance measurement;least square problem;m-dimensional point set;robust scaling iterative closest point algorithm;scaling registration},
doi={10.1049/el.2010.2844},
ISSN={0013-5194},
month={November},}
@INPROCEEDINGS{icp-fast-algorithms,
author={Rusinkiewicz, S. and Levoy, M.},
booktitle={3-D Digital Imaging and Modeling, 2001. Proceedings. Third International Conference on},
title={Efficient variants of the ICP algorithm},
year={2001},
pages={145-152},
keywords={distance measurement;image processing;minimisation;real-time systems;geometric alignment;inscribed surfaces;iterative closest point algorithm;minimization strategy;model-based tracking;nearly-flat meshes;range images;real-time 3D model acquisition;three-dimensional models;uniform sampling;Convergence;Geometry;Image sampling;Iterative algorithms;Iterative closest point algorithm;Iterative methods;Layout;Minimization methods;Rough surfaces;Solid modeling},
doi={10.1109/IM.2001.924423},
month={},}
