@article{kinect-evaluation,
  title={Consumer rgb-d cameras and their applications},
  author={Litomisky, Krystof},
  year={2012}
}
