@article{linemod-origins,
  title={Gradient response maps for real-time detection of textureless objects},
  author={Hinterstoisser, Stefan and Cagniart, Cedric and Ilic, Slobodan and Sturm, Peter and Navab, Nassir and Fua, Pascal and Lepetit, Vincent},
  journal={Pattern Analysis and Machine Intelligence, IEEE Transactions on},
  volume={34},
  number={5},
  pages={876--888},
  year={2012},
  publisher={IEEE}
}

