@article{homogeneous-coordinates,
  author={M\"obius, A.},
  title={Der barycentrische Calc\"ul: ein neues Hilfsmittel zur analytischen
    Behandlung der Geometrie},
  book={Crelle's Journal}, 
  place={Leipzig},
  year={1827}
}
