@article{pisa-softhand,
title={Adaptive synergies for the design and control of the Pisa/IIT SoftHand},
author={Catalano, Manuel G and Grioli, Giorgio and Farnioli, Edoardo and Serio, Alessandro and Piazza, Cristina and Bicchi, Antonio},
journal={The International Journal of Robotics Research},
volume={33},
number={5},
pages={768--782},
year={2014},
publisher={SAGE Publications}
}