@misc{primesense-patent,
  title={Depth-varying light fields for three dimensional sensing},
  author={Shpunt, A. and Zalevsky, Z.},
  url={https://www.google.com/patents/US20080106746},
  year={2008},
  month=may # "~8",
  publisher={Google Patents},
  note={US Patent App. 11/724,068}
}
