@article{stereo-vision-robot,
year={2000},
issn={0929-5593},
journal={Autonomous Robots},
volume={8},
number={2},
doi={10.1023/A:1008987612352},
title={Using Real-Time Stereo Vision for Mobile Robot Navigation},
url={http://dx.doi.org/10.1023/A%3A1008987612352},
publisher={Kluwer Academic Publishers},
keywords={stereo vision; mobile robot navigation},
author={Murray, Don and Little, JamesJ.},
pages={161-171},
language={English}
}
