@article{stereo-precision,
  title={Precision in 3-D points reconstructed from stereo},
  author={Kamberova, Gerda and Bajcsy, Ruzena},
  journal={Technical Reports (CIS)},
  pages={201},
  year={1997}
}
